@ARTICLE{Dupire1994,
    author = {Bruno Dupire},
    title = {Pricing with a Smile},
    journal = {Risk Magazine},
    year = {1994},
    pages = {18--20}
}

@ARTICLE{Derman1994,
  title={The Volatility Smile and its Implied Tree},
  author={E. Derman and I. Kani},
  year={1994},
  journal = {Goldman Sachs Quantitative Strategies Research Notes}
}

@article{Hagan2002,
author = {Hagan, Patrick and Kumar, Deep and Lesniewski, Andrew and Woodward, Diana},
year = {2002},
pages = {84-108},
title = {Managing Smile Risk},
volume = {1},
journal = {Wilmott Magazine}
}

@article{Ludkovski2020,
  title={KrigHedge: GP Surrogates for Delta Hedging.},
  author={M. Ludkovski and Yuri F. Saporito},
  journal={arXiv: Computational Finance},
  year={2020}
}

@article{Black1973,
  title={The Pricing of Options and Corporate Liabilities},
  author={F. Black and M. Scholes},
  journal={Journal of Political Economy},
  year={1973},
  volume={81},
  pages={637 - 654}
}

@unpublished{durrande,
  TITLE = {{Introduction to Gaussian Process Surrogate Models}},
  AUTHOR = {Durrande, Nicolas and Le Riche, Rodolphe},
  URL = {https://hal.archives-ouvertes.fr/cel-01618068},
  NOTE = {Lecture},
  TYPE = {{\'E}cole th{\'e}matique},
  ADDRESS = {France},
  YEAR = {2017},
  MONTH = Oct,
  PDF = {https://hal.archives-ouvertes.fr/cel-01618068/file/intro_to_GP_surrogates.pdf},
  HAL_ID = {cel-01618068},
  HAL_VERSION = {v1},
}

@article{merton,
author = {Merton, Robert},
year = {1976},
month = {01},
pages = {125-144},
title = {Option Prices When Underlying Stock Returns Are Discontinuous},
volume = {3},
journal = {Journal of Financial Economics},
doi = {10.1016/0304-405X(76)90022-2}
}

@misc{fem_paper,
  TITLE = {{Introduction to finite element methods}},
  AUTHOR = {Langtangen, Hans Petter},
  howpublished = {\url{http://hplgit.github.io/INF5620/doc/pub/main_fem.pdf}},
  note = {Accessed: 23/03/2021},
  YEAR = {2013},
  MONTH = Dec,
}

@misc{fgp_paper,
      title={Functional Gaussian processes for regression with linear PDE models}, 
      author={Ngoc-Cuong Nguyen and Jaime Peraire},
      year={2014},
      eprint={1405.7569},
      archivePrefix={arXiv},
      primaryClass={math.AP}
}

@misc{Chataigner2020BeyondSM,
  title = {Beyond Surrogate Modeling: Learning the Local Volatility Via Shape},
  author={M. Chataigner and Areski Cousin and S. Cr{\'e}pey and M. Dixon and Djibril Gueye},
  year={2020}
}

@phdthesis{lopezlopera,
  TITLE = {{Gaussian Process Modelling under Inequality Constraints}},
  AUTHOR = {Lopez lopera, Andres Felipe},
  URL = {https://tel.archives-ouvertes.fr/tel-02863891},
  NUMBER = {2019LYSEM020},
  SCHOOL = {{Universit{\'e} de Lyon}},
  YEAR = {2019},
  MONTH = Sep,
  KEYWORDS = {Bayesian Inference Methods ; Gaussian Processes ; Metamodelling under Inequality Constraints ; Monte Carlo and Markov Chain Monte Carlo Methods ; Methodes d'Inference Bayesienne ; Processus Gaussiens ; Metamodelisation sous Contraintes d'Inegalite ; Methodes de Monte Carlo et Monte Carlo par chaines de Markov},
  TYPE = {Theses},
  PDF = {https://tel.archives-ouvertes.fr/tel-02863891/file/LOPEZLOPERA-Andres-diff.pdf},
  HAL_ID = {tel-02863891},
  HAL_VERSION = {v1},
}

@misc{scipy.optimise,
  title = {Scipy optimize trust-constr algorithm},
  howpublished = {\url{https://docs.scipy.org/doc/scipy/reference/tutorial/optimize.html#trust-region-constrained-algorithm-method-trust-constr}},
  note = {Accessed: 23/03/2021}
}

@article{Merton1973,
author = {Merton, Robert},
year = {1973},
month = {03},
pages = {141-183},
title = {The Theory of Rational Option Pricing},
volume = {4},
isbn = {978-981-256-374-3},
journal = {Bell J Econ Manage Sci},
doi = {10.1142/9789812701022_0008}
}

@article{NA_cond_K,
author = {Touzi, Nizar and Tankov, Peter},
year = {2011},
month = {02},
pages = {},
title = {NO-ARBITRAGE THEORY FOR DERIVATIVES PRICING}
}

@article{NA_cond_all,
author = {Niu, Qiankun},
year = {2015},
month = {01},
pages = {},
title = {No Arbitrage Conditions and Characters of Implied Volatility Surface: A Review for Implied Volatility Modelers},
journal = {SSRN Electronic Journal},
doi = {10.2139/ssrn.2672416}
}

@misc{histoptiondata,
  title = {{Historical option data} free sample file},
  howpublished = {\url{https://www.historicaloptiondata.com}},
  note = {Accessed: 10-04-2021}
}

@article{COX1979,
title = {Option pricing: A simplified approach},
journal = {Journal of Financial Economics},
volume = {7},
number = {3},
pages = {229-263},
year = {1979},
issn = {0304-405X},
doi = {https://doi.org/10.1016/0304-405X(79)90015-1},
url = {https://www.sciencedirect.com/science/article/pii/0304405X79900151},
author = {John C. Cox and Stephen A. Ross and Mark Rubinstein},
abstract = {This paper presents a simple discrete-time model for valuing options. The fundamental economic principles of option pricing by arbitrage methods are particularly clear in this setting. Its development requires only elementary mathematics, yet it contains as a special limiting case the celebrated Black-Scholes model, which has previously been derived only by much more difficult methods. The basic model readily lends itself to generalization in many ways. Moreover, by its very construction, it gives rise to a simple and efficient numerical procedure for valuing options for which premature exercise may be optimal.}
}

@misc{binomialtree,
  title = {Time 0 value of an American Put in Cox-Ross-Rubinstein model},
  author = {quant.stackexchange user user16651},
  howpublished = {\url{https://quant.stackexchange.com/questions/17268/time-0-value-of-an-american-put-in-cox-ross-rubinstein-model}},
  note = {Accessed: 13/04/2021}
}

@inproceedings{Bonilla2007,
author = {Bonilla, Edwin and Chai, Kian and Williams, Christopher},
year = {2007},
month = {01},
title = {Multi-task Gaussian Process Prediction.}
}

@misc{MOGP_slides,
  title = {Multiple-output Gaussian processes},
  author = {Mauricio A. Alvarez},
  howpublished = {\url{http://gpss.cc/gpss17/slides/multipleOutputGPs.pdf}},
  note = {Accessed: 29/04/2021}
}

@misc{alvarez2009,
      title={Sparse Convolved Multiple Output Gaussian Processes}, 
      author={Mauricio A. √Ålvarez and Neil D. Lawrence},
      year={2009},
      eprint={0911.5107},
      archivePrefix={arXiv},
      primaryClass={stat.ML}
}

@Book{Journel1978,
author = { Journel, A. G. and Huijbregts, C. J. },
title = { Mining geostatistics / [by] A. G. Journel and Ch. J. Huijbregts },
isbn = { 0123910501 },
publisher = { Academic Press London ; New York },
pages = { x, 600 p. : },
year = { 1978 },
type = { Book },
language = { English },
subjects = { Mining geology -- Statistical methods. },
life-dates = { 1978 -  },
catalogue-url = { https://nla.gov.au/nla.cat-vn1116468 },
}

@inbook{Goovaerts1997,
author = {Goovaerts, Pierre},
year = {1997},
month = {01},
title = {Geostatistics for Natural Resource Evaluation},
volume = {42},
journal = {Technometrics}
}


@InProceedings{Teh2005,
  title = 	 {Semiparametric latent factor models},
  author =       {Teh, Yee Whye and Seeger, Matthias and Jordan, Michael I.},
  booktitle = 	 {Proceedings of the Tenth International Workshop on Artificial Intelligence and Statistics},
  pages = 	 {333--340},
  year = 	 {2005},
  editor = 	 {Cowell, Robert G. and Ghahramani, Zoubin},
  volume = 	 {R5},
  series = 	 {Proceedings of Machine Learning Research},
  month = 	 {06--08 Jan},
  publisher =    {PMLR},
  pdf = 	 {http://proceedings.mlr.press/r5/teh05a/teh05a.pdf},
  url = 	 {http://proceedings.mlr.press/r5/teh05a.html},
  note =         {Reissued by PMLR on 30 March 2021.}
}

@InProceedings{Higdon2002,
author="Higdon, Dave",
editor="Anderson, Clive W.
and Barnett, Vic
and Chatwin, Philip C.
and El-Shaarawi, Abdel H.",
title="Space and Space-Time Modeling using Process Convolutions",
booktitle="Quantitative Methods for Current Environmental Issues",
year="2002",
publisher="Springer London",
address="London",
pages="37--56"
}

@inproceedings{gardner2018gpytorch,
  title={GPyTorch: Blackbox Matrix-Matrix Gaussian Process Inference with GPU Acceleration},
  author={Gardner, Jacob R and Pleiss, Geoff and Bindel, David and Weinberger, Kilian Q and Wilson, Andrew Gordon},
  booktitle={Advances in Neural Information Processing Systems},
  year={2018}
}

@ARTICLE{GPflow2017,
  author = {Matthews, Alexander G. de G. and {van der Wilk}, Mark and Nickson, Tom and
	Fujii, Keisuke. and {Boukouvalas}, Alexis and {Le{\'o}n-Villagr{\'a}}, Pablo and
	Ghahramani, Zoubin and Hensman, James},
    title = "{{GP}flow: A {G}aussian process library using {T}ensor{F}low}",
  journal = {Journal of Machine Learning Research},
  year    = {2017},
  month = {apr},
  volume  = {18},
  number  = {40},
  pages   = {1-6},
  url     = {http://jmlr.org/papers/v18/16-537.html}
}

@article{mogptk,
    author = {T. {de Wolff} and A. {Cuevas} and F. {Tobar}},
    title = {{MOGPTK: The Multi-Output Gaussian Process Toolkit}},
    journal = "Neurocomputing",
    year = "2020",
    issn = "0925-2312",
    doi = "https://doi.org/10.1016/j.neucom.2020.09.085",
    url = "https://github.com/GAMES-UChile/mogptk"
}
@ARTICLE{Tipping1999,
    author = {Michael E. Tipping and Chris M. Bishop},
    title = {Probabilistic Principal Component Analysis},
    journal = {Journal of the royal statistical society, series B},
    year = {1999},
    volume = {61},
    number = {3},
    pages = {611--622}
}

@article{Matheron1963,
    author = {Matheron, Georges},
    title = {Principles of geostatistics},
    journal = {Economic Geology},
    volume = {58},
    number = {8},
    pages = {1246-1266},
    year = {1963},
    month = {12},
    issn = {0361-0128},
    doi = {10.2113/gsecongeo.58.8.1246},
    url = {https://doi.org/10.2113/gsecongeo.58.8.1246},
    eprint = {https://pubs.geoscienceworld.org/economicgeology/article-pdf/58/8/1246/3481854/1246.pdf}
}

@inproceedings{Krige2015,
  title={A statistical approach to some mine valuation and allied problems on the Witwatersrand},
  booktitle={Master's thesis of the University of Witwatersrand},
  author={D. Krige},
  year={2015}
}

@Book{Kolmogorov1941,
author = {Kolmogorov, A.N.},
title = { Interpolation and Extrapolation of Stationary Sequences },
publisher = { Izvestiya the Academy of Sciences of the USSR },
year = { 1941 },
type = { Book },
}

@Book{Wiener1949,
author = {Wiener, N.},
title = { Extrapolation, Interpolation and Smoothing of Stationary Time Series },
publisher = { MIT Press, Cambridge, Mass.},
year = { 1949 },
type = { Book },
}

@ARTICLE{Zimmerman1998,
       author = {{Zimmerman}, D.~A. and {de Marsily}, G. and {Gotway}, C.~A. and {Marietta}, M.~G. and {Axness}, C.~L. and {Beauheim}, R.~L. and {Bras}, R.~L. and {Carrera}, J. and {Dagan}, G. and {Davies}, P.~B. and {Gallegos}, D.~P. and {Galli}, A. and {G{\'o}mez-Hern{\'a}ndez}, J. and {Grindrod}, P. and {Gutjahr}, A.~L. and {Kitanidis}, P.~K. and {Lavenue}, A.~M. and {McLaughlin}, D. and {Neuman}, S.~P. and {RamaRao}, B.~S. and {Ravenne}, C. and {Rubin}, Y.},
        title = "{A comparison of seven geostatistically based inverse approaches to estimate transmissivities for modeling advective transport by groundwater flow}",
      journal = {Water Resources Research},
     keywords = {Hydrology: Groundwater hydrology, Hydrology: Groundwater transport, Hydrology: Stochastic processes},
         year = 1998,
        month = jan,
       volume = {34},
       number = {6},
        pages = {1373-1414},
          doi = {10.1029/98WR00003},
       adsurl = {https://ui.adsabs.harvard.edu/abs/1998WRR....34.1373Z},
      adsnote = {Provided by the SAO/NASA Astrophysics Data System}
}

@ARTICLE{Pastorello2014,
       author = {{Pastorello}, Nicola and {Forbes}, Duncan A. and {Foster}, Caroline and {Brodie}, Jean P. and {Usher}, Christopher and {Romanowsky}, Aaron J. and {Strader}, Jay and {Arnold}, Jacob A.},
        title = {The SLUGGS survey: exploring the metallicity gradients of nearby early-type galaxies to large radii},
      journal = {Monthly Notices of the Royal Astronomical Society},
     keywords = {galaxies: abundances, galaxies: elliptical and lenticular, cD, galaxies: evolution, galaxies: formation, galaxies: stellar content, Astrophysics - Astrophysics of Galaxies},
         year = 2014,
        month = aug,
       volume = {442},
       number = {2},
        pages = {1003-1039},
          doi = {10.1093/mnras/stu937},
archivePrefix = {arXiv},
       eprint = {1405.2338},
 primaryClass = {astro-ph.GA},
       adsurl = {https://ui.adsabs.harvard.edu/abs/2014MNRAS.442.1003P},
      adsnote = {Provided by the SAO/NASA Astrophysics Data System}
}

@inbook{Chung2002,
author = {Hyoung Seog Chung and Juan Alonso},
title = {Design of a Low-Boom Supersonic Business Jet Using Cokriging Approximation Models},
booktitle = {9th AIAA/ISSMO Symposium on Multidisciplinary Analysis and Optimization},
chapter = {},
pages = {},
year = {2002},
doi = {10.2514/6.2002-5598},
URL = {https://arc.aiaa.org/doi/abs/10.2514/6.2002-5598},
eprint = {https://arc.aiaa.org/doi/pdf/10.2514/6.2002-5598}
}

@article{Karnieli1990,
 ISSN = {03432521, 15729893},
 URL = {http://www.jstor.org/stable/41145148},
 author = {Arnon Karnieli},
 journal = {GeoJournal},
 number = {4},
 pages = {391--398},
 publisher = {Springer},
 title = {Application of Kriging Technique to Areal Precipitation Mapping in Arizona},
 volume = {22},
 year = {1990}
}

@inproceedings{Williams1996,
  title = {Gaussian Processes for Regression},
  author = {Williams, CKI. and Rasmussen, CE.},
  journal = {Advances in Neural Processing Systems 8},
  booktitle = {Advances in neural information processing systems 8},
  pages = {514-520},
  editors = {Touretzky, D.S. , M.C. Mozer, M.E. Hasselmo},
  publisher = {MIT Press},
  organization = {Max-Planck-Gesellschaft},
  school = {Biologische Kybernetik},
  address = {Cambridge, MA, USA},
  month = jun,
  year = {1996},
  month_numeric = {6}
}

@misc{ludkovski2016,
      title={Kriging Metamodels and Experimental Design for Bermudan Option Pricing}, 
      author={Michael Ludkovski},
      year={2016},
      eprint={1509.02179},
      archivePrefix={arXiv},
      primaryClass={q-fin.CP}
}

@article{Barrosa2016,
author = {Barrosa, Marcelo and Salles, Arthur and Ribeiro, Celma},
year = {2016},
month = {04},
pages = {1-12},
title = {Portfolio optimization through Kriging methods},
journal = {Applied Economics},
doi = {10.1080/00036846.2016.1167827}
}

@article{Cousin2016,
title = {Kriging of financial term-structures},
journal = {European Journal of Operational Research},
volume = {255},
number = {2},
pages = {631-648},
year = {2016},
issn = {0377-2217},
doi = {https://doi.org/10.1016/j.ejor.2016.05.057},
url = {https://www.sciencedirect.com/science/article/pii/S0377221716303940},
author = {Areski Cousin and Hassan Maatouk and Didier Rulli√®re},
}

@article{Fernandes2016,
	author = {Fernandes, Guilherme Barreto and Artes, Rinaldo},
	doi = {10.1016/j.ejor.2015.07.013},
	journal = {European Journal of Operational Research},
	keywords = {Risk analysis; Spatial dependence; SME credit risk; Ordinary kriging; Credit scoring},
	language = {English},
	number = {2},
	pages = {517-524},
	title = {Spatial dependence in credit risk and its improvement in credit scoring},
	volume = {249},
	year = {2016},
}

@inproceedings{Snelson2006,
 author = {Snelson, Edward and Ghahramani, Zoubin},
 booktitle = {Advances in Neural Information Processing Systems},
 editor = {Y. Weiss and B. Sch\"{o}lkopf and J. Platt},
 pages = {},
 publisher = {MIT Press},
 title = {Sparse Gaussian Processes using Pseudo-inputs},
 url = {https://proceedings.neurips.cc/paper/2005/file/4491777b1aa8b5b32c2e8666dbe1a495-Paper.pdf},
 volume = {18},
 year = {2006}
}


@InProceedings{Seeger2003,
  title = 	 {Fast Forward Selection to Speed Up Sparse Gaussian Process Regression},
  author =       {Seeger, Matthias W. and Williams, Christopher K. I. and Lawrence, Neil D.},
  booktitle = 	 {Proceedings of the Ninth International Workshop on Artificial Intelligence and Statistics},
  pages = 	 {254--261},
  year = 	 {2003},
  editor = 	 {Bishop, Christopher M. and Frey, Brendan J.},
  volume = 	 {R4},
  series = 	 {Proceedings of Machine Learning Research},
  month = 	 {03--06 Jan},
  publisher =    {PMLR},
  pdf = 	 {http://proceedings.mlr.press/r4/seeger03a/seeger03a.pdf},
  url = 	 {http://proceedings.mlr.press/r4/seeger03a.html}
}

@InProceedings{Titsias09,
title = {Variational Learning of Inducing Variables in Sparse Gaussian Processes}, 
author = {Michalis Titsias}, 
booktitle = {Proceedings of the Twelth International Conference on Artificial Intelligence and Statistics}, 
pages = {567--574}, 
year = {2009}, 
editor = {David van Dyk and Max Welling}, 
volume = {5}, 
series = {Proceedings of Machine Learning Research}, 
address = {Hilton Clearwater Beach Resort, Clearwater Beach, Florida USA}, 
month = {16--18 Apr}, 
publisher = {PMLR}, 
pdf = {http://proceedings.mlr.press/v5/titsias09a/titsias09a.pdf}, 
url = {http://proceedings.mlr.press/v5/titsias09a.html}
}

@misc{damianou2013,
      title={Deep Gaussian Processes}, 
      author={Andreas C. Damianou and Neil D. Lawrence},
      year={2013},
      eprint={1211.0358},
      archivePrefix={arXiv},
      primaryClass={stat.ML}
}

@misc{tegner2019,
      title={A Probabilistic Approach to Nonparametric Local Volatility}, 
      author={Martin Tegn√©r and Stephen Roberts},
      year={2019},
      eprint={1901.06021},
      archivePrefix={arXiv},
      primaryClass={q-fin.CP}
}

@misc{GPpredictioninterval,
  title = {Gaussian process prediction interval},
  author = {stats.stackexchange user DeltaIV},
  howpublished = {\url{https://stats.stackexchange.com/questions/177677/gaussian-process-prediction-interval}},
  note = {Accessed: 04/06/2021}
}

@misc{Montagna2021,
title = {Leveraging Variance Swaps for non-parametric Option Price Surface Modelling},
author = {Daniel Montagna},
year = {2021},
booktitle = {M.Sc. thesis},
school = {ETH Z√ºrich}
}